@article{fine2019,
	title = {An examination of a functional mixed-effects modeling approach to the analysis of longitudinal data},
	author = {{Fine}, {Kimberly L.} and {Suk}, {Hye Won} and {Grimm}, {Kevin J.}},
	year = {2019},
	month = {03},
	date = {2019-03-21},
	journal = {Multivariate Behavioral Research},
	pages = {475--491},
	volume = {54},
	number = {4},
	doi = {10.1080/00273171.2018.1520626},
	url = {http://dx.doi.org/10.1080/00273171.2018.1520626},
	langid = {en}
}

@article{wu2017,
	title = {Optimal number and allocation of data collection points for linear spline growth curve modeling},
	author = {{Wu}, {Wei} and {Jia}, {Fan} and {Kinai}, {Richard} and {Little}, {Todd D.}},
	year = {2017},
	month = {04},
	date = {2016-04-24},
	journal = {International Journal of Behavioral Development},
	pages = {550--558},
	volume = {41},
	number = {4},
	doi = {10.1177/0165025416644076},
	url = {http://dx.doi.org/10.1177/0165025416644076},
	langid = {en}
}

@article{coulombe2016,
  title={Ignoring individual differences in times of assessment in growth curve modeling},
  author={Coulombe, Patrick and Selig, James P and Delaney, Harold D},
  journal={International Journal of Behavioral Development},
  volume={40},
  number={1},
  pages={76--86},
  year={2016},
  doi = {10.1177/0165025415577684},
  publisher={Sage Publications Sage UK: London, England}
}

@article{liu2021,
	title = {Estimating knots and their association in parallel bilinear spline growth curve models in the framework of individual measurement occasions},
	author = {{Liu }, {Jin} and {Perera}, {Robert A.}},
	year = {2021},
	month = {03},
	date = {2021-03-29},
	journal = {Psychological Methods},
	note = {Advance online publication},
	doi = {10.1037/met0000309},
	url = {http://dx.doi.org/10.1037/met0000309},
	langid = {en}
}

@article{liu2019,
  title={Obtaining interpretable parameters from reparameterizing longitudinal models: Transformation matrices between growth factors in two parameter-spaces},
  author={Liu, Jin and Perera, Robert A and Kang, Le and Kirkpatrick, Robert M and Sabo, Roy T},
  journal={arXiv preprint arXiv:1911.09939},
  year={2019}
}

@article{methot2017,
	title = {Good citizen interrupted: Calibrating a temporal theory of citizenship behavior},
	author = {Methot, Jessica R. and Lepak, David and Shipp, Abbie J. and Boswell, Wendy R.},
	year = {2017},
	month = {01},
	date = {2017-01},
	journal = {Academy of Management Review},
	pages = {10--31},
	volume = {42},
	number = {1},
	doi = {10.5465/amr.2014.0415},
	url = {http://dx.doi.org/10.5465/amr.2014.0415},
	langid = {en}
}

@article{george2000,
	title = {The role of time in theory and theory building},
	author = {George, Jennifer M. and Jones, Gareth R.},
	year = {2000},
	month = {08},
	date = {2000-08},
	journal = {Journal of Management},
	pages = {657--684},
	volume = {26},
	number = {4},
	doi = {10.1177/014920630002600404},
	url = {http://dx.doi.org/10.1177/014920630002600404},
	langid = {en}
}

@article{mitchell2001,
	title = {Building better theory: Time and the specification of when things happen},
	author = {Mitchell, Terence R. and James, Lawrence R.},
	year = {2001},
	month = {10},
	date = {2001-10},
	journal = {Academy of Management Review},
	pages = {530--547},
	volume = {26},
	number = {4},
	doi = {10.5465/amr.2001.5393889},
	url = {http://dx.doi.org/10.5465/amr.2001.5393889},
	langid = {en}
}

@article{cole2003,
	title = {Testing mediational models with longitudinal data: Questions and tips in the use of structural qquation modeling},
	author = {Cole, David A. and Maxwell, Scott E.},
	year = {2003},
	date = {2003},
	journal = {Journal of Abnormal Psychology},
	pages = {558--577},
	volume = {112},
	number = {4},
	doi = {10.1037/0021-843x.112.4.558},
	url = {http://dx.doi.org/10.1037/0021-843X.112.4.558},
	langid = {en}
}

@article{sonnentag2012,
	title = {Time in organizational research: Catching up on a long neglected topic in order to improve theory},
	author = {Sonnentag, Sabine},
	year = {2012},
	month = {06},
	date = {2012-06-06},
	journal = {Organizational Psychology Review},
	pages = {361--368},
	volume = {2},
	number = {4},
	doi = {10.1177/2041386612442079},
	url = {http://dx.doi.org/10.1177/2041386612442079},
	langid = {en}
}

@article{aguinis2021,
	title = {Time is of the essence: Improving the conceptualization and measurement of time},
	author = {Aguinis, Herman and Bakker, Rene M.},
	year = {2021},
	month = {06},
	date = {2021-06},
	journal = {Human Resource Management Review},
	pages = {100763},
	volume = {31},
	number = {2},
	doi = {10.1016/j.hrmr.2020.100763},
	url = {http://dx.doi.org/10.1016/j.hrmr.2020.100763},
	langid = {en}
}

@article{ancona2001,
	title = {Time: A new research lens},
	author = {Ancona, Deborah G. and Goodman, Paul S. and Lawrence, Barbara S. and Tushman, Michael L.},
	year = {2001},
	month = {10},
	date = {2001-10},
	journal = {Academy of Management Review},
	pages = {645--663},
	volume = {26},
	number = {4},
	doi = {10.5465/amr.2001.5393903},
	url = {http://dx.doi.org/10.5465/amr.2001.5393903},
	langid = {en}
}

@article{vantilborgh2018,
	title = {The time has come to study dynamics at work},
	author = {Vantilborgh, Tim and Hofmans, Joeri and Judge, Timothy A.},
	year = {2018},
	month = {11},
	date = {2018-11},
	journal = {Journal of Organizational Behavior},
	pages = {1045--1049},
	volume = {39},
	number = {9},
	doi = {10.1002/job.2327},
	url = {http://dx.doi.org/10.1002/job.2327},
	langid = {en}
}

@article{roe2008,
	title = {Time in applied psychology},
	author = {Roe, Robert A.},
	year = {2008},
	month = {01},
	date = {2008-01},
	journal = {European Psychologist},
	pages = {37--52},
	volume = {13},
	number = {1},
	doi = {10.1027/1016-9040.13.1.37},
	url = {http://dx.doi.org/10.1027/1016-9040.13.1.37},
	langid = {en}
}

@article{collins2002,
	title = {The effect of the timing and spacing of observations in longitudinal studies of tobacco and other drug use: Temporal design considerations},
	author = {Collins, Linda M and Graham, John W},
	year = {2002},
	month = {11},
	date = {2002-11},
	journal = {Drug and Alcohol Dependence},
	pages = {85--96},
	volume = {68},
	doi = {10.1016/s0376-8716(02)00217-x},
	url = {http://dx.doi.org/10.1016/s0376-8716(02)00217-x},
	langid = {en}
}

@article{cudeck2007,
	title = {Analysis of nonlinear patterns of change with random coefficient models},
	author = {Cudeck, Robert and Harring, Jeffrey R.},
	year = {2007},
	month = {01},
	date = {2007-01},
	journal = {Annual Review of Psychology},
	pages = {615--637},
	volume = {58},
	number = {1},
	doi = {10.1146/annurev.psych.58.110405.085520},
	url = {http://www.annualreviews.org/doi/10.1146/annurev.psych.58.110405.085520},
	langid = {en}
}

@article{serang2016,
	title = {Estimation of time-unstructured nonlinear mixed-effects mixture models},
	author = {Serang, Sarfaraz and Grimm, Kevin J. and McArdle, John J.},
	year = {2016},
	month = {07},
	date = {2016-07-01},
	journal = {Structural Equation Modeling: A Multidisciplinary Journal},
	pages = {856--869},
	volume = {23},
	number = {6},
	doi = {10.1080/10705511.2016.1197777},
	url = {http://dx.doi.org/10.1080/10705511.2016.1197777},
	langid = {en}
}


@article{timmons2015,
	title = {The importance of temporal design: How do measurement intervals affect the accuracy and efficiency of parameter estimates in longitudinal research?},
	author = {Timmons, Adela. C. and Preacher, Kristopher. J.},
	year = {2015},
	month = {01},
	date = {2015-01-02},
	journal = {Multivariate Behavioral Research},
	pages = {41--55},
	volume = {50},
	number = {1},
	doi = {10.1080/00273171.2014.961056},
	url = {http://dx.doi.org/10.1080/00273171.2014.961056},
	langid = {en}
}

@article{orourke2021,
	title = {The Importance of time metric precision when implementing bivariate latent change score ,odels},
	author = {{O{\textquoteright}Rourke}, Holly P. and Fine, Kimberly L. and Grimm, Kevin J. and MacKinnon, David P.},
	year = {2021},
	month = {02},
	date = {2021-02-01},
	journal = {Multivariate Behavioral Research},
	pages = {1--19},
	doi = {10.1080/00273171.2021.1874261},
	url = {http://dx.doi.org/10.1080/00273171.2021.1874261},
	langid = {en}
}

@article{miller2017,
	title = {The effect of sampling-time variation on latent growth curve models},
	author = {Miller, Matt L. and Ferrer, Emilio},
	year = {2017},
	month = {07},
	date = {2017-07-27},
	journal = {Structural Equation Modeling: A Multidisciplinary Journal},
	pages = {831--854},
	volume = {24},
	number = {6},
	doi = {10.1080/10705511.2017.1346476},
	url = {http://dx.doi.org/10.1080/10705511.2017.1346476},
	langid = {en}
}

@article{finch2017,
	title = {Investigation of parameter estimation accuracy for growth curve modeling with categorical indicators},
	author = {{Finch}, {W. Holmes}},
	year = {2017},
	month = {07},
	date = {2017-07-01},
	journal = {Methodology},
	pages = {98--112},
	volume = {13},
	number = {3},
	doi = {10.1027/1614-2241/a000134},
	url = {http://dx.doi.org/10.1027/1614-2241/a000134},
	langid = {en}
}

@thesis{coulombe2016b,
  author = {Coulombe,Patrick},
  year = {2016},
  title = {Partially and fully time-unstructured residual variance-covariance matrices in growth curve modeling: Consequences of ignoring variability in times of assessment},
  type = {Publication},
  number = {10155460},
  institution = {[Doctoral dissertation, University of New Mexico]},

  publisher = {{ProQuest Dissertations and Theses Global.}}
  }


@article{newsom2020,
	title = {Performance of latent growth curve models with binary variables},
	author = {{Newsom}, {Jason T.} and {Smith}, {Nicholas A.}},
	year = {2020},
	month = {02},
	date = {2020-02-12},
	journal = {Structural Equation Modeling: A Multidisciplinary Journal},
	pages = {888--907},
	volume = {27},
	number = {6},
	doi = {10.1080/10705511.2019.1705825},
	url = {http://dx.doi.org/10.1080/10705511.2019.1705825},
	langid = {en}
}

@article{fine2020,
	title = {Examination of nonlinear and functional mixed-effects models with nonparametrically generated data},
	author = {{Fine}, {Kimberly L.} and {Grimm}, {Kevin J.}},
	year = {2020},
	month = {04},
	date = {2020-04-22},
	journal = {Multivariate Behavioral Research},
	pages = {1--18},
	doi = {10.1080/00273171.2020.1754746},
	url = {http://dx.doi.org/10.1080/00273171.2020.1754746},
	langid = {en}
}

@article{wu2014,
	title = {Using design-based latent growth curve modeling with cluster-level predictor to address dependency},
	author = {{Wu },Jiun-Yu and {Kwok},Oi-Man and {Willson},Victor},
	year = {2014},
	month = {03},
	date = {2014-03-27},
	journal = {The Journal of Experimental Education},
	pages = {431--454},
	volume = {82},
	number = {4},
	doi = {10.1080/00220973.2013.876226},
	url = {http://dx.doi.org/10.1080/00220973.2013.876226},
	langid = {en}
}

@article{ye2016,
	title = {Latent growth curve analysis with dichotomous items: Comparing four approaches},
	author = {{Ye}, {Feifei}},
	year = {2016},
	month = {06},
	date = {2016-06-07},
	journal = {British Journal of Mathematical and Statistical Psychology},
	pages = {43--61},
	volume = {69},
	number = {1},
	doi = {10.1111/bmsp.12058},
	url = {http://dx.doi.org/10.1111/bmsp.12058},
	langid = {en}
}

@article{gasimova2014,
	title = {A Hierarchical bayesian model with correlated residuals for investigating stability and change in intensive longitudinal data settings},
	author = {{Gasimova}, {Fidan} and {Robitzsch}, {Alexander} and {Wilhelm}, {Oliver} and {Hülür}, {Gizem}},
	year = {2014},
	month = {01},
	date = {2014-01-01},
	journal = {Methodology},
	pages = {126--137},
	volume = {10},
	number = {4},
	doi = {10.1027/1614-2241/a000083},
	url = {http://dx.doi.org/10.1027/1614-2241/a000083},
	langid = {en}
}

@article{murphy2011,
	title = {The effects of autocorrelation on the curve-of-factors growth model},
	author = {{Murphy}, {Daniel L.} and {Beretvas}, {S. Natasha} and {Pituch}, {Keenan A.}},
	year = {2011},
	month = {06},
	date = {2011-06-30},
	journal = {Structural Equation Modeling: A Multidisciplinary Journal},
	pages = {430--448},
	volume = {18},
	number = {3},
	doi = {10.1080/10705511.2011.582399},
	url = {http://dx.doi.org/10.1080/10705511.2011.582399},
	langid = {en}
}

@article{liu2015,
	title = {The effects of individually varying times of observations on growth parameter estimations in piecewise growth model},
	author = {{Liu}, {Yuan} and {Liu}, {Hongyun} and {Li}, {Hang} and {Zhao}, {Qian}},
	year = {2015},
	month = {03},
	date = {2015-03-05},
	journal = {Journal of Applied Statistics},
	pages = {1843--1860},
	volume = {42},
	number = {9},
	doi = {10.1080/02664763.2015.1014884},
	url = {http://dx.doi.org/10.1080/02664763.2015.1014884},
	langid = {en}
}

@article{aydin2014,
	title = {The Consequences of ignoring variability in measurement occasions within data collection waves in latent growth ,odels},
	author = {Aydin, Burak and Leite, Walter L. and Algina, James},
	year = {2014},
	month = {03},
	date = {2014-03},
	journal = {Multivariate Behavioral Research},
	pages = {149--160},
	volume = {49},
	number = {2},
	doi = {10.1080/00273171.2014.887901},
	url = {http://dx.doi.org/10.1080/00273171.2014.887901},
	langid = {en}
}

@article{bauer2003,
	title = {Estimating multilevel linear models as structural equation models},
	author = {Bauer, Daniel J.},
	year = {2003},
	month = {06},
	date = {2003-06},
	journal = {Journal of Educational and Behavioral Statistics},
	pages = {135--167},
	volume = {28},
	number = {2},
	doi = {10.3102/10769986028002135},
	url = {http://dx.doi.org/10.3102/10769986028002135},
	langid = {en}
}

@article{curran2003,
	title = {Have multilevel models been structural equation Mldels all along?},
	author = {Curran, Patrick J.},
	year = {2003},
	month = {10},
	date = {2003-10},
	journal = {Multivariate Behavioral Research},
	pages = {529--569},
	volume = {38},
	number = {4},
	doi = {10.1207/s15327906mbr3804_5},
	url = {http://dx.doi.org/10.1207/s15327906mbr3804_5},
	langid = {en}
}

@article{mcneish2018,
	title = {Differentiating between mixed-effects and latent-curve approaches to growth modeling},
	author = {McNeish, Daniel and Matta, Tyler},
	year = {2018},
	month = {10},
	date = {2017-10-24},
	journal = {Behavior Research Methods},
	pages = {1398--1414},
	volume = {50},
	number = {4},
	doi = {10.3758/s13428-017-0976-5},
	url = {http://dx.doi.org/10.3758/s13428-017-0976-5},
	langid = {en}
}

@article{bosco2015,
	title = {Correlational effect size benchmarks},
	author = {Bosco, Frank A. and Aguinis, Herman and Singh, Kulraj and Field, James G. and Pierce, Charles A.},
	year = {2015},
	month = {03},
	date = {2015-03},
	journal = {Journal of Applied Psychology},
	pages = {431--449},
	volume = {100},
	number = {2},
	doi = {10.1037/a0038047},
	url = {http://dx.doi.org/10.1037/a0038047},
	langid = {en}
}

@incollection{borenstein2009,
author = {Borenstein, Michael and Hedges, Larry V. and Higgins, Julian P. T. and Rothstein, Hannah R.},
booktitle = {Introduction to meta-analysis},
doi = {10.1002/9780470743386.ch7},
edition = {1st},
isbn = {9780470057247},
pages = {45--49},
publisher = {John Wiley {\&} Sons},
title = {{Converting among effect sizes}},
year = {2009}
}
@article{cole2014,
	title = {Manifest variable path analysis: Potentially serious and misleading consequences due to uncorrected measurement error.},
	author = {Cole, David A. and Preacher, Kristopher J.},
	year = {2014},
	date = {2014},
	journal = {Psychological Methods},
	pages = {300--315},
	volume = {19},
	number = {2},
	doi = {10.1037/a0033805},
	url = {http://dx.doi.org/10.1037/a0033805},
	langid = {en}
}

@article{pan2010,
	title = {Online travel surveys and response patterns},
	author = {Pan, Bing},
	year = {2010},
	month = {05},
	date = {2009-05-19},
	journal = {Journal of Travel Research},
	pages = {121--135},
	volume = {49},
	number = {1},
	doi = {10.1177/0047287509336467},
	url = {http://dx.doi.org/10.1177/0047287509336467},
	langid = {en}
}

@book{dillman2014,
  title={Internet, phone, mail, and mixed-mode surveys: The tailored design method},
  author={Dillman, Don A and Smyth, Jolene D and Christian, Leah Melani},
  year={2014},
  publisher={John Wiley \& Sons}
}

@article{halford2005,
	title = {How many variables can humans process?},
	author = {Halford, Graeme S. and Baker, Rosemary and McCredden, Julie E. and Bain, John D.},
	year = {2005},
	month = {01},
	date = {2005-01},
	journal = {Psychological Science},
	pages = {70--76},
	volume = {16},
	number = {1},
	doi = {10.1111/j.0956-7976.2005.00782.x},
	url = {http://dx.doi.org/10.1111/j.0956-7976.2005.00782.x},
	langid = {en}
}

@Manual{rstudio,
title = {RStudio: Integrated development environment for R},
author = {{RStudio Team}},
organization = {RStudio, PBC.},
address = {Boston, MA}, year = {2020},
url = {http://www.rstudio.com/}, }

@article{grimm2010,
	title = {Nonlinear structured growth mixture ,odels in MPlusand OpenMx},
	author = {Grimm, Kevin J. and Ram, Nilam and Estabrook, Ryne},
	year = {2010},
	month = {11},
	date = {2010-11-30},
	journal = {Multivariate Behavioral Research},
	pages = {887--909},
	volume = {45},
	number = {6},
	doi = {10.1080/00273171.2010.531230},
	url = {http://dx.doi.org/10.1080/00273171.2010.531230},
	langid = {en}
}

@article{preacher2015,
	title = {Meaningful aspects of change as novel random coefficients: A general method for reparameterizing longitudinal models},
	author = {Preacher, Kristopher J and Hancock, Gregory R},
	year = {2015},
	date = {2015},
	journal = {Psychological Methods},
	pages = {84--101},
	volume = {20},
	number = {1},
	doi = {10.1037/met0000028},
	url = {http://dx.doi.org/10.1037/met0000028},
	langid = {en}
}

@inbook{browne1991,
	title = {Models for learning data},
	author = {Browne, M W and Du Toit, S H C},
	year = {1991},
	date = {1991},
	publisher = {American Psychological Association},
	pages = {47--68},
	doi = {10.1037/10099-004},
	url = {http://dx.doi.org/10.1037/10099-004}
}

@thesis{stockdale2007,
  author={Stockdale, Gary D},
  year = {2007},
  title= {Factors affecting goodness of fit of the quasi-simplex, linear growth curve, and latent difference score models to oppositive data structures: A simulation study},
  type = {Publication},
  number = {3303209},
  institution = {[Doctoral dissertation, University of California]},

  publisher = {{ProQuest Dissertations and Theses Global.}}
}
@thesis{tiberio2008,
  author={Tiberio, Stacey S},
  year={2008},
  title={The effects of misspecified measurement intervals in multivariate latent differential equation models},
  type = {Publication},
  number = {3441759},
  institution = {[Doctoral dissertation, University of Notre Dame]},
  publisher={{ProQuest Dissertations and Theses Global.}}
}


@article{lawrence2001,
	title = {The temporal dynamics of institutionalization},
	author = {Lawrence, Thomas B. and Winn, Monika I. and Jennings, P. Devereaux},
	year = {2001},
	month = {10},
	date = {2001-10},
	journal = {Academy of Management Review},
	pages = {624--644},
	volume = {26},
	number = {4},
	doi = {10.5465/amr.2001.5393901},
	url = {http://dx.doi.org/10.5465/amr.2001.5393901},
	langid = {en}
}

@article{chonko2000,
  title={Sales performance: Timing of measurement and type of measurement make a difference},
  author={Chonko, Lawrence B and Loe, Terry N and Roberts, James A and Tanner, John F},
  journal={Journal of Personal Selling \& Sales Management},
  volume={20},
  number={1},
  pages={23--36},
  year={2000},
  publisher={Taylor \& Francis}
}

@article{leys2013,
	title = {Detecting outliers: Do not use standard deviation around the mean, use absolute deviation around the median},
	author = {Leys, Christophe and Ley, Christophe and Klein, Olivier and Bernard, Philippe and Licata, Laurent},
	year = {2013},
	month = {07},
	date = {2013-07},
	journal = {Journal of Experimental Social Psychology},
	pages = {764--766},
	volume = {49},
	number = {4},
	doi = {10.1016/j.jesp.2013.03.013},
	url = {http://dx.doi.org/10.1016/j.jesp.2013.03.013},
	langid = {en}
}

@book{loehlin2017,
	title = {Latent variable models},
	author = {Loehlin, John C. and Beaujean, A. Alexander},
	year = {2017},
	month = {12},
	date = {2017-12-07},
	publisher = {Routledge},
	doi = {10.4324/9781315643199},
	url = {http://dx.doi.org/10.4324/9781315643199}
}

@article{okada2013,
	title = {Is Omega Squared Less Biased? a Comparison of Three Major Effect Size Indices in One-Way Anova},
	author = {Okada, Kensuke},
	year = {2013},
	month = {07},
	date = {2013-07},
	journal = {Behaviormetrika},
	pages = {129--147},
	volume = {40},
	number = {2},
	doi = {10.2333/bhmk.40.129},
	url = {http://dx.doi.org/10.2333/bhmk.40.129},
	langid = {en}
}

@article{yigit2018,
	title = {Which effect size measure is appropriate for one-way and two-way ANOVA models? A Monte Carlo simulation study},
	author = {Yigit, Soner and Mendes, Mehmet},
	year = {2018},
	month = {07},
	date = {2018-07},
	journal = {Statistical Journal},
	pages = {295--313},
	volume = {16},
	number = {3},
	doi = {10.2333/bhmk.40.129},
	url = {shorturl.at/svzGQ},
	langid = {en}
}

@article{brown1974,
	title = {Robust Tests for the Equality of Variances},
	author = {Brown, Morton B. and Forsythe, Alan B.},
	year = {1974},
	month = {06},
	date = {1974-06},
	journal = {Journal of the American Statistical Association},
	pages = {364--367},
	volume = {69},
	number = {346},
	doi = {10.1080/01621459.1974.10482955},
	url = {http://dx.doi.org/10.1080/01621459.1974.10482955},
	langid = {en}
}

@article{maccallum1997,
	title = {Studying Multivariate Change Using Multilevel Models and Latent Curve Models},
	author = {MacCallum, Robert C. and Kim, Cheongtag and Malarkey, William B. and Kiecolt-Glaser, Janice K.},
	year = {1997},
	month = {07},
	date = {1997-07},
	journal = {Multivariate Behavioral Research},
	pages = {215--253},
	volume = {32},
	number = {3},
	doi = {10.1207/s15327906mbr3203_1},
	url = {http://dx.doi.org/10.1207/s15327906mbr3203_1},
	langid = {en}
}

@book{preacher2008,
	title = {Latent growth curve modeling},
	author = {Preacher, Kristopher and Wichman, Aaron and MacCallum, Robert and Briggs, Nancy},
	year = {2008},
	date = {2008},
	publisher = {SAGE Publications, Inc.},
	doi = {10.4135/9781412984737},
	url = {http://dx.doi.org/10.4135/9781412984737}
}

@article{meredith1990,
	title = {Latent curve analysis},
	author = {Meredith, William and Tisak, John},
	year = {1990},
	month = {03},
	date = {1990-03},
	journal = {Psychometrika},
	pages = {107--122},
	volume = {55},
	number = {1},
	doi = {10.1007/bf02294746},
	url = {http://dx.doi.org/10.1007/BF02294746},
	langid = {en}
}

@incollection{browne1993,
	title = {Structured latent curve models},
	author = {Browne, M W},
	editor = {Cuadras, C M and Rao, C R},
	booktitle = {Multivariate analysis: Future directions 2},
	edition = 1,
	pages = {171--197},
	publisher = {Elsevier},
	year = {1993},
	doi = {10.1016/B978-0-444-81531-6.50016-7}
}

@article{shapiro1987,
	title = {Analysis of covariance structures under elliptical distributions},
	author = {Shapiro, Alexander and Browne, Michael W},
	year = {1987},
	month = {12},
	date = {1987-12},
	journal = {Journal of the American Statistical Association},
	pages = {1092--1097},
	volume = {82},
	number = {400},
	doi = {10.1080/01621459.1987.10478544},
	url = {http://dx.doi.org/10.1080/01621459.1987.10478544},
	langid = {en}
}

@article{blozis2004,
	title = {Structured latent curve models for the study of change in multivariate repeated measures},
	author = {Blozis, Shelley A.},
	year = {2004},
	date = {2004},
	journal = {Psychological Methods},
	pages = {334--353},
	volume = {9},
	number = {3},
	doi = {10.1037/1082-989x.9.3.334},
	url = {http://dx.doi.org/10.1037/1082-989X.9.3.334},
	langid = {en}
}

@article{kraft1994,
	title = {Algorithm 733: TOMP{\textendash}Fortran modules for optimal control calculations},
	author = {Kraft, Dieter},
	year = {1994},
	month = {09},
	date = {1994-09},
	journal = {ACM Transactions on Mathematical Software},
	pages = {262--281},
	volume = {20},
	number = {3},
	doi = {10.1145/192115.192124},
	url = {http://dx.doi.org/10.1145/192115.192124},
	langid = {en}
}


@book{boker2020,
  title={OpenMx user guide release 2.18.1},
  author={Boker, Steven M and Neale, Michael C and Maes, Hermine H and Wilde, Michael J and Spiegel, Michael and Brick, Timothy R and Estabrook, Ryne and Bates, Timothy C and Mehta, Paras and von Oertzen, Timo and Gore, Ross J and Hunter, Michael D and Hackett, Daniel C and Karch, Julian and Brandmaier, Andreas and Pritikin, Joshua N and Zahery, Mahsa and Kirkpatrick, Robert M},
  year={2020},
  date = {2020-08}
  }

@article{lakens2018,
	title = {Equivalence testing for psychological research: A tutorial},
	author = {Lakens, {Daniël} and Scheel, Anne M. and Isager, Peder M.},
	year = {2018},
	month = {06},
	date = {2018-06},
	journal = {Advances in Methods and Practices in Psychological Science},
	pages = {259--269},
	volume = {1},
	number = {2},
	doi = {10.1177/2515245918770963},
	url = {http://dx.doi.org/10.1177/2515245918770963},
	langid = {en}
}

@article{zaheer1999,
	title = {Time scales and organizational theory},
	author = {Zaheer, Srilata and Albert, Stuart and Zaheer, Akbar},
	year = {1999},
	month = {10},
	date = {1999-10},
	journal = {Academy of Management Review},
	pages = {725--741},
	volume = {24},
	number = {4},
	doi = {10.5465/amr.1999.2553250},
	url = {http://dx.doi.org/10.5465/amr.1999.2553250},
	langid = {en}
}

@article{ployhart2010,
	title = {Longitudinal research: The theory, design, and analysis of change},
	author = {Ployhart, Robert E. and Vandenberg, Robert J.},
	year = {2010},
	month = {12},
	date = {2010-12-28},
	journal = {Journal of Management},
	pages = {94--120},
	volume = {36},
	number = {1},
	doi = {10.1177/0149206309352110},
	url = {http://dx.doi.org/10.1177/0149206309352110},
	langid = {en}
}

@article{sonnentag2012,
  title={Time in organizational research: Catching up on a long neglected topic in order to improve theory},
  author={Sonnentag, Sabine},
  year={2012},
  journal={Organizational Psychology Review},
  volume={2},
  number={4},
  pages={361--368},
  doi = {10.1177/2041386612442079},
}

@article{fisher2008,
	title = {What if we took within-person variability seriously?},
	author = {Fisher, Cynthia D.},
	year = {2008},
	month = {06},
	date = {2008-06},
	journal = {Industrial and Organizational Psychology},
	pages = {185--189},
	volume = {1},
	number = {2},
	doi = {10.1111/j.1754-9434.2008.00036.x},
	url = {http://dx.doi.org/10.1111/j.1754-9434.2008.00036.x},
	langid = {en}
}

@article{dalal2014,
	title = {Within-person variability in job performance},
	author = {Dalal, Reeshad S. and Bhave, Devasheesh P. and Fiset, John},
	year = {2014},
	month = {04},
	date = {2014-04-28},
	journal = {Journal of Management},
	pages = {1396--1436},
	volume = {40},
	number = {5},
	doi = {10.1177/0149206314532691},
	url = {http://dx.doi.org/10.1177/0149206314532691},
	langid = {en}
}

@article{roe2014,
	title = {Test validity from a temporal perspective: Incorporating time in validation research},
	author = {Roe, Robert A.},
	year = {2014},
	month = {06},
	date = {2014-06-27},
	journal = {European Journal of Work and Organizational Psychology},
	pages = {754--768},
	volume = {23},
	number = {5},
	doi = {10.1080/1359432x.2013.804177},
	url = {http://dx.doi.org/10.1080/1359432X.2013.804177},
	langid = {en}
}

@article{roe2012,
	title = {Time and change in teams: Where we are and where we are moving},
	author = {Roe, Robert A. and Gockel, Christine and Meyer, Bertolt},
	year = {2012},
	month = {10},
	date = {2012-10},
	journal = {European Journal of Work and Organizational Psychology},
	pages = {629--656},
	volume = {21},
	number = {5},
	doi = {10.1080/1359432x.2012.729821},
	url = {http://dx.doi.org/10.1080/1359432X.2012.729821},
	langid = {en}
}

@article{fried2004,
	title = {Enriching goal-setting theory with time: An integrated approach},
	author = {Fried, Yitzhak and Slowik, Linda Haynes},
	year = {2004},
	month = {07},
	date = {2004-07},
	journal = {Academy of Management Review},
	pages = {404--422},
	volume = {29},
	number = {3},
	doi = {10.5465/amr.2004.13670973},
	url = {http://dx.doi.org/10.5465/amr.2004.13670973},
	langid = {en}
}

@article{navarro2015,
	title = {Taking time seriously: Changing practices and perspectives in work/organizational psychology},
	author = {Navarro, {José} and Roe, Robert A. and Artiles, {María I.}},
	year = {2015},
	month = {12},
	date = {2015-12},
	journal = {Revista de Psicología del Trabajo y de las Organizaciones},
	pages = {135--145},
	volume = {31},
	number = {3},
	doi = {10.1016/j.rpto.2015.07.002},
	url = {http://dx.doi.org/10.1016/j.rpto.2015.07.002},
	langid = {en}
}

@misc{vantilborgh2018,
  title={The time has come to study dynamics at work},
  author={Vantilborgh, Tim and Hofmans, Joeri and Judge, Timothy A},
  journal={Journal of Organizational Behavior},
  volume={39},
  number={9},
  pages={1045--1049},
  year={2018},
  doi = {10.1002/job.2327},
  publisher={Wiley Online Library}
}

@article{kunisch2017,
	title = {Time in strategic change research},
	author = {Kunisch, Sven and Bartunek, Jean M. and Mueller, Johanna and Huy, Quy N.},
	year = {2017},
	month = {06},
	date = {2017-06},
	journal = {Academy of Management Annals},
	pages = {1005--1064},
	volume = {11},
	number = {2},
	doi = {10.5465/annals.2015.0133},
	url = {http://dx.doi.org/10.5465/annals.2015.0133},
	langid = {en}
}

@article{aguinis2021,
  title={Time is of the essence: Improving the conceptualization and measurement of time},
  author={Aguinis, Herman and Bakker, Rene M},
  journal={Human Resource Management Review},
  volume={31},
  number={2},
  pages={100763},
  year={2021},
  doi = {10.1016/j.hrmr.2020.100763},
  publisher={Elsevier}
}

@article{shipp2015,
	title = {Time in individual-level organizational studies: What is it, how is it used, and why isn{\textquoteright}t it exploited more often?},
	author = {Shipp, Abbie J. and Cole, Michael S.},
	year = {2015},
	month = {04},
	date = {2015-04-10},
	journal = {Annual Review of Organizational Psychology and Organizational Behavior},
	pages = {237--260},
	volume = {2},
	number = {1},
	doi = {10.1146/annurev-orgpsych-032414-111245},
	url = {http://dx.doi.org/10.1146/annurev-orgpsych-032414-111245},
	langid = {en}
}

@inproceedings{roe2014b,
  author={Roe, Robert A.},
  year         = {2014, September 22–26},
  title={The representation of time in psychological research on air pilots and air traffic controllers},
  editor       = {Droog, A},
  booktitle={Aviation psychology: Facilitating change(s) \emph{[\expandafter{Paper} presentation]}},
  booktitleaddon= {\emph{Proceedings of the 31st EAAP \expandafter{Conference, Valetta, Malta}}}
}


@article{maxwell2007,
	title = {Bias in cross-sectional analyses of longitudinal mediation},
	author = {Maxwell, Scott E. and Cole, David A.},
	year = {2007},
	date = {2007},
	journal = {Psychological Methods},
	pages = {23--44},
	volume = {12},
	number = {1},
	doi = {10.1037/1082-989x.12.1.23},
	url = {http://dx.doi.org/10.1037/1082-989X.12.1.23},
	langid = {en}
}

@article{petersen1983,
	title = {Ergodic theory},
	author = {Petersen, Karl E.},
	year = {1983},
	month = {05},
	date = {1983-05-12},
	doi = {10.1017/cbo9780511608728},
	url = {http://dx.doi.org/10.1017/CBO9780511608728}
}

@article{molenaar2004,
	title = {A manifesto on psychology as idiographic science: Bringing the person back into scientific psychology, this time forever},
	author = {Molenaar, Peter C. M.},
	year = {2004},
	month = {10},
	date = {2004-10},
	journal = {Measurement: Interdisciplinary Research & Perspective},
	pages = {201--218},
	volume = {2},
	number = {4},
	doi = {10.1207/s15366359mea0204_1},
	url = {http://dx.doi.org/10.1207/s15366359mea0204_1},
	langid = {en}
}

@article{molenaar2009,
	title = {The new person-specific paradigm in psychology},
	author = {Molenaar, Peter C.M. and Campbell, Cynthia G.},
	year = {2009},
	month = {04},
	date = {2009-04},
	journal = {Current Directions in Psychological Science},
	pages = {112--117},
	volume = {18},
	number = {2},
	doi = {10.1111/j.1467-8721.2009.01619.x},
	url = {http://dx.doi.org/10.1111/j.1467-8721.2009.01619.x},
	langid = {en}
}

@article{wang2015,
	title = {On disaggregating between-person and within-person effects with longitudinal data using multilevel models.},
	author = {Wang, {Lijuan (Peggy)} and Maxwell, Scott E.},
	year = {2015},
	date = {2015},
	journal = {Psychological Methods},
	pages = {63--83},
	volume = {20},
	number = {1},
	doi = {10.1037/met0000030},
	url = {http://dx.doi.org/10.1037/met0000030},
	langid = {en}
}

@article{curran2011,
	title = {The disaggregation of within-person and between-person effects in longitudinal models of change},
	author = {Curran, Patrick J. and Bauer, Daniel J.},
	year = {2011},
	month = {01},
	date = {2011-01-10},
	journal = {Annual Review of Psychology},
	pages = {583--619},
	volume = {62},
	number = {1},
	doi = {10.1146/annurev.psych.093008.100356},
	url = {http://dx.doi.org/10.1146/annurev.psych.093008.100356},
	langid = {en}
}

@article{miraglia2015,
	title = {Trajectory classes of job performance},
	author = {Miraglia, Mariella and Alessandri, Guido and Borgogni, Laura},
	year = {2015},
	month = {08},
	date = {2015-08-10},
	journal = {Career Development International},
	pages = {424--442},
	volume = {20},
	number = {4},
	doi = {10.1108/cdi-03-2015-0032},
	url = {http://dx.doi.org/10.1108/CDI-03-2015-0032},
	langid = {en}
}

@article{magee2016,
	title = {Distinct longitudinal patterns of absenteeism and their antecedents in full-time Australian employees.},
	author = {Magee, Christopher A. and Caputi, Peter and Lee, Jeong Kyu},
	year = {2016},
	month = {01},
	date = {2016-01},
	journal = {Journal of Occupational Health Psychology},
	pages = {24--36},
	volume = {21},
	number = {1},
	doi = {10.1037/a0039138},
	url = {http://dx.doi.org/10.1037/a0039138},
	langid = {en}
}

@article{day2011,
	title = {Longitudinal tests of an integrative model of leader development: Charting and understanding developmental trajectories},
	author = {Day, David V. and Sin, Hock-Peng},
	year = {2011},
	month = {06},
	date = {2011-06},
	journal = {The Leadership Quarterly},
	pages = {545--560},
	volume = {22},
	number = {3},
	doi = {10.1016/j.leaqua.2011.04.011},
	url = {http://dx.doi.org/10.1016/j.leaqua.2011.04.011},
	langid = {en}
}

@article{igic2017,
	title = {Ten-year trajectories of stressors and resources at work: Cumulative and chronic effects on health and well-being.},
	author = {Igic, Ivana and Keller, Anita C. and Elfering, Achim and Tschan, Franziska and {Kälin}, Wolfgang and Semmer, Norbert K.},
	year = {2017},
	month = {09},
	date = {2017-09},
	journal = {Journal of Applied Psychology},
	pages = {1317--1343},
	volume = {102},
	number = {9},
	doi = {10.1037/apl0000225},
	url = {http://dx.doi.org/10.1037/apl0000225},
	langid = {en}
}
